%% This BibTeX bibliography file was created using BibDesk.
%% http://bibdesk.sourceforge.net/

%% Saved with string encoding Unicode (UTF-8) 

@book{he_2018_twodimensional,
  author = {He, Bob B},
  publisher = {Wiley},
  title = {Two-Dimensional X-ray Diffraction},
  year = {2018}
}

@article{woodford_1993_mechanical,
  author = {Woodford, David A.},
  month = {01},
  pages = {367},
  title = {Mechanical behaviour of materials},
  doi = {10.1016/0261-3069(93)90120-k},
  urldate = {2020-09-13},
  volume = {14},
  year = {1993},
  journal = {Materials & Design}
}

@article{voight_1989_a,
  author = {Voight, Barry},
  pages = {200–203},
  title = {A Relation to Describe Rate-Dependent Material Failure},
  url = {https://www.jstor.org/stable/pdf/1702921.pdf},
  urldate = {2020-09-13},
  volume = {243},
  year = {1989},
  journal = {Science}
}

@article{matsuoka_1990_a,
  author = {Matsuoka, Hajime and Hoshikawa, Takuya and Ueno, Kenji},
  month = {06},
  pages = {119-127},
  title = {A General Failure Criterion and Stress-Strain Relation for Granular Materials to Metals},
  doi = {10.3208/sandf1972.30.2_119},
  url = {https://www.jstage.jst.go.jp/article/sandf1972/30/2/30_2_119/_pdf},
  urldate = {2020-09-13},
  volume = {30},
  year = {1990},
  journal = {Soils and Foundations}
}

@misc{cambridgeuniversityengineeringdepartment_2003_materials,
  author = {Cambridge University Engineering Department},
  title = {Materials Data Book},
  url = {http://www-mdp.eng.cam.ac.uk/web/library/enginfo/cueddatabooks/materials.pdf},
  urldate = {2020-09-13},
  year = {2003}
}

@article{todinov_2006_equations,
  author = {Todinov, M.T.},
  month = {08},
  pages = {5182-5195},
  title = {Equations and a fast algorithm for determining the probability of failure initiated by flaws},
  doi = {10.1016/j.ijsolstr.2005.09.007},
  url = {https://reader.elsevier.com/reader/sd/pii/S0020768305005585?token=1DA4098458F9DF7A3EC43EDA0F4CCFB0402132DE3A6F8CCA0CCE68815DE2C21B5C0B878627E55350D766DD6493E7617F},
  urldate = {2020-09-13},
  volume = {43},
  year = {2006},
  journal = {International Journal of Solids and Structures}
}

@misc{internationalatomicenergyagency_2007_safety,
  author = {International Atomic Energy Agency},
  title = {Safety of Nuclear Power Plants: Design},
  url = {https://www-pub.iaea.org/MTCD/publications/PDF/Pub1715web-46541668.pdf},
  urldate = {2020-09-13},
  year = {2007}
}

@article{welzel_2005_stress,
  author = {Welzel, U. and Ligot, J. and Lamparter, P. and Vermeulen, A. C. and Mittemeijer, E. J.},
  month = {01},
  pages = {1-29},
  title = {Stress analysis of polycrystalline thin films and surface regions by X-ray diffraction},
  doi = {10.1107/s0021889804029516},
  url = {https://journals.iucr.org/j/issues/2005/01/00/ks0217/ks0217.pdf},
  urldate = {2020-09-13},
  volume = {38},
  year = {2005},
  journal = {Journal of Applied Crystallography}
}

@article{epp_2012_in,
  author = {Epp, Jérémy and Hirsch, Thomas and Curfs, Caroline},
  month = {03},
  pages = {2210-2217},
  title = {In situ X-Ray Diffraction Analysis of Carbon Partitioning During Quenching of Low Carbon Steel},
  doi = {10.1007/s11661-012-1087-7},
  url = {https://link.springer.com/article/10.1007/s11661-012-1087-7},
  urldate = {2020-09-13},
  volume = {43},
  year = {2012},
  journal = {Metallurgical and Materials Transactions A}
}

@article{nikulin_2017_analysis,
  author = {Nikulin, S. A. and Shitkin, S. L. and Rozhnov, A. B. and Rogachev, S. O. and Nechaykina, T. A.},
  month = {12},
  pages = {219-227},
  title = {Analysis of the Stress State in Steel Components Using Portable X-Ray Diffraction},
  doi = {10.1007/978-3-319-62870-7_24},
  url = {https://link.springer.com/chapter/10.1007/978-3-319-62870-7_24},
  urldate = {2020-09-13},
  year = {2017},
  journal = {Proceedings of the Scientific-Practical Conference "Research and Development - 2016"}
}

@article{withers_2001_residual,
  author = {Withers, P.J. and Bhadeshia, H.K.D.H.},
  month = {04},
  pages = {355-365},
  title = {Residual stress. Part 1 – Measurement techniques},
  doi = {10.1179/026708301101509980},
  url = {https://www.phase-trans.msm.cam.ac.uk/2001/mst4640a.pdf},
  urldate = {2020-09-13},
  volume = {17},
  year = {2001},
  journal = {Materials Science and Technology}
}

@misc{bramble_2014_grain,
  author = {Bramble, S and Flemming, R and Mccausland, P},
  title = {Grain Size, 'Spotty' XRD Rings, and Chemin: Two-Dimensional X-Ray Diffraction as a Proxy for Grain Size Measurement in Planetary Materials.},
  url = {https://www.hou.usra.edu/meetings/lpsc2014/pdf/1658.pdf},
  urldate = {2020-09-13},
  year = {2014}
}

@article{berg_2009_corrosion,
  author = {Berg, H.-P},
  title = {Corrosion Mechanisms and Their Consequences for Nuclear Power Plants With Light Water Reactors},
  url = {https://pdfs.semanticscholar.org/9eb6/5cb17bd7d6f986917a4fde2b439f50ecda67.pdf},
  urldate = {2020-09-13},
  volume = {2},
  year = {2009},
  journal = {Electronic Journal of International Group on Reliability}
}

@article{shanhua_2015_threedimensional,
  author = {Shanhua, Xu and Songbo, Ren and Youde, Wang},
  editor = {Ahammer, Helmut},
  month = {06},
  pages = {e0131361},
  title = {Three-Dimensional Surface Parameters and Multi-Fractal Spectrum of Corroded Steel},
  doi = {10.1371/journal.pone.0131361},
  url = {https://www.researchgate.net/publication/279457723_Three-Dimensional_Surface_Parameters_and_Multi-Fractal_Spectrum_of_Corroded_Steel},
  urldate = {2020-09-13},
  volume = {10},
  year = {2015},
  journal = {PLOS ONE}
}

@misc{internationalatomicenergyagency_2012_structural,
  author = {International Atomic Energy Agency},
  title = {Structural Materials for Liquid Metal Cooled Fast Reactor Fuel Assemblies — Operational Behaviour},
  url = {https://www-pub.iaea.org/MTCD/Publications/PDF/P1548_web.pdf},
  urldate = {2020-09-13},
  year = {2012}
}

@article{scheidegger_2000_correction,
  author = {Scheidegger, Stefan and Estermann, Michael Alexander and Steurer, Walter},
  month = {02},
  pages = {35-48},
  title = {Correction of specimen absorption in X-ray diffuse scattering experiments with area-detector systems},
  doi = {10.1107/s0021889899011929},
  url = {http://scripts.iucr.org/cgi-bin/paper?S0021889899011929},
  urldate = {2020-09-13},
  volume = {33},
  year = {2000},
  journal = {Journal of Applied Crystallography}
}

@misc{hogg_2010_data,
  author = {Hogg, David W and Bovy, Jo and Lang, Dustin},
  title = {Data analysis recipes: Fitting a model to data},
  url = {https://arxiv.org/abs/1008.4686},
  urldate = {2020-09-13},
  year = {2010},
  organization = {arXiv.org}
}

@misc{sedar_2010_glm,
  author = {Sedar, Jonathan},
  title = {GLM: Robust Regression using Custom Likelihood for Outlier Classification — PyMC3 3.9.3 documentation},
  url = {https://docs.pymc.io/notebooks/GLM-robust-with-outlier-detection.html},
  urldate = {2020-09-13},
  year = {2010},
  organization = {Pymc.io}
}

@misc{zhu_2018_bayesian,
  author = {Zhu, Wei},
  month = {03},
  title = {Bayesian Inference for the Normal Distribution},
  url = {http://www.ams.sunysb.edu/~zhu/ams570/Bayesian_Normal.pdf},
  urldate = {2020-09-13},
  year = {2018}
}

@misc{wikipediacontributors_2020_filestudent,
  author = {Wikipedia Contributors},
  publisher = {Wikimedia Foundation},
  title = {File:Student t pdf.svg},
  url = {https://en.wikipedia.org/wiki/File:Student_t_pdf.svg},
  urldate = {2020-09-14},
  year = {2020},
  organization = {Wikipedia}
}

@misc{internationalnuclearsafetyadvisorygroup_1991_safety,
  author = {International Nuclear Safety Advisory Group},
  title = {Safety Culture},
  url = {https://www-pub.iaea.org/MTCD/Publications/PDF/Pub882_web.pdf},
  urldate = {2020-09-14},
  year = {1991}
}

@article{nichols_1981_fracture,
  author = {Nichols, R. W. and Cowan, A. and Evans, C. I. L.},
  pages = {227–236},
  title = {Fracture Mechanics as an Aid to Design and Operation of Nuclear Plant [and Discussion]},
  url = {https://www.jstor.org/stable/pdf/36744.pdf},
  urldate = {2020-09-14},
  volume = {299},
  year = {1981},
  journal = {Philosophical Transactions of the Royal Society of London. Series A, Mathematical and Physical Sciences}
}

@article{webster_2001_residual,
  author = {Webster, G.A. and Ezeilo, A.N.},
  pages = {375-383},
  title = {Residual stress distributions and their influence on fatigue lifetimes},
  doi = {10.1016/s0142-1123(01)00133-5},
  url = {https://reader.elsevier.com/reader/sd/pii/S0142112301001335?token=5B226CD913F6AE049686E00F75D5D54CA09950DC9BD8959DB2C32D2C6893DBB506141F3155C6FFF297DF4D568004A95B},
  urldate = {2020-09-14},
  volume = {23},
  year = {2001},
  journal = {International Journal of Fatigue}
}

@misc{smidd_2020_bayesian,
  author = {Smidd, Sanne C.},
  title = {Bayesian Versus Frequentist Estimation for Structural Equation Models in Small Sample Contexts: A Systematic Review},
  url = {https://www.tandfonline.com/doi/full/10.1080/10705511.2019.1577140},
  urldate = {2020-09-14},
  year = {2020},
  organization = {Structural Equation Modeling: A Multidisciplinary Journal}
}

@misc{internationalatomicenergyassociation_2008_heavy,
  author = {International Atomic Energy Association},
  title = {Heavy Component Replacement in Nuclear Power Plants: Experience and Guidelines},
  url = {https://www-pub.iaea.org/MTCD/Publications/PDF/Pub1337_web.pdf},
  urldate = {2020-09-14},
  year = {2008}
}

@misc{lange_1989_robust,
  author = {Lange, Kenneth and Little, Roderick and Taylor, Jeremy},
  month = {11},
  title = {Robust Statistical Modeling Using the t-Distribution},
  url = {https://escholarship.org/content/qt27s1d3h7/qt27s1d3h7.pdf},
  urldate = {2020-09-14},
  year = {1989}
}

@article{wen_2013_the,
  author = {Wen, Yu and Tsai, Yi and Chen, Pei},
  month = {06},
  pages = {e65930},
  title = {The Impact of Outliers on Net-Benefit Regression Model in Cost-Effectiveness Analysis},
  doi = {10.1371/journal.pone.0065930},
  url = {https://www.ncbi.nlm.nih.gov/pmc/articles/PMC3686836/},
  urldate = {2020-09-14},
  volume = {8},
  year = {2013},
  journal = {PLoS ONE}
}

@article{zhao_2020_fast,
  author = {Zhao, Tianjing and Fernando, Rohan and Garrick, Dorian and Cheng, Hao},
  month = {03},
  title = {Fast parallelized sampling of Bayesian regression models for whole-genome prediction},
  doi = {10.1186/s12711-020-00533-x},
  url = {https://gsejournal.biomedcentral.com/articles/10.1186/s12711-020-00533-x},
  urldate = {2020-09-14},
  volume = {52},
  year = {2020},
  journal = {Genetics Selection Evolution}
}

@article{luo_2017_uncertainty,
  author = {Luo, Quanshun and Yang, Shicai},
  month = {08},
  pages = {128},
  title = {Uncertainty of the X-ray Diffraction (XRD) sin2 ψ Technique in Measuring Residual Stresses of Physical Vapor Deposition (PVD) Hard Coatings},
  doi = {10.3390/coatings7080128},
  urldate = {2020-09-14},
  volume = {7},
  year = {2017},
  journal = {Coatings}
}

@misc{a2017_bayesian,
  month = {02},
  title = {Bayesian Linear Regression (in PyMC) - a different way to think about regression},
  url = {https://www.chrisstucchio.com/blog/2017/bayesian_linear_regression.html},
  urldate = {2020-09-14},
  year = {2017},
  organization = {Chrisstucchio.com}
}

@misc{shaver_2017_a,
  author = {Shaver, Ben},
  month = {12},
  publisher = {Towards Data Science},
  title = {A Zero-Math Introduction to Markov Chain Monte Carlo Methods},
  url = {https://towardsdatascience.com/a-zero-math-introduction-to-markov-chain-monte-carlo-methods-dcba889e0c50},
  urldate = {2020-09-14},
  year = {2017},
  organization = {Medium}
}

@misc{andrew_2015_can,
  author = {Andrew, },
  title = {“Can you change your Bayesian prior?” «  Statistical Modeling, Causal Inference, and Social Science},
  url = {https://statmodeling.stat.columbia.edu/2015/08/25/can-you-change-your-bayesian-prior/},
  urldate = {2020-09-14},
  year = {2015},
  organization = {Columbia.edu}
}

@misc{dendukuri_2018_lecture,
  author = {Dendukuri, Nandini },
  title = {Lecture notes on likelihood function Statistical Modeling},
  url = {http://www.medicine.mcgill.ca/epidemiology/hanley/bios601/Likelihood/Likelihood.pdf},
  urldate = {2020-09-14},
  year = {2018}
}
@misc{Giordano_Kekkonen_2018, title={Bernstein-von Mises theorems and uncertainty quantification for linear inverse problems}, url={https://arxiv.org/abs/1811.04058}, journal={arXiv.org}, author={Giordano, Matteo and Kekkonen, Hanne}, year={2018} }

‌